@INPROCEEDINGS{MuellerRahmann+2003RobustEstimation,
  author = {Tobias M\"uller and Sven Rahmann and Thomas Dandekar and Matthias
	Wolf},
  title = {Robust estimation of the phylogeny of {Chlorophyceae} ({Chlorophyta})
	based on profile distances},
  booktitle = {Proceedings of the German Conference on Bioinformatics (GCB'03)},
  year = {2003},
  editor = {H.-W. Mewes and D. Frishman and V. Heun and S. Kramer},
  volume = {1},
  pages = {97--101},
  address = {Munich},
  month = {October},
  publisher = {belleville},
  keywords = {Rahmann}
}

